<?xml version="1.0" encoding="UTF-8"?><collection xmlns="http://www.loc.gov/MARC21/slim"><record><leader>00512nam--2200193-u-4500</leader><controlfield tag="001">000056119</controlfield><controlfield tag="002">20161230</controlfield><controlfield tag="005">20161230201052</controlfield><controlfield tag="008">141210s1000------------r-----000-0-rus-d</controlfield><datafield ind1=" " ind2=" " tag="040"><subfield code="a">IFIN-HH</subfield></datafield><datafield ind1=" " ind2=" " tag="041"><subfield code="a">RUS</subfield></datafield><datafield ind1=" " ind2=" " tag="080"><subfield code="a">524.1:539.1</subfield></datafield><datafield ind1="1" ind2=" " tag="100"><subfield code="a">Demianov, A. I</subfield></datafield><datafield ind1="1" ind2=" " tag="245"><subfield code="a">Iaderno-kaskadnii protess v plotnom vesestve</subfield><subfield code="c">A.i. demianov, v.s. murzin, l.i. sariceva</subfield></datafield><datafield ind1=" " ind2=" " tag="260"><subfield code="a">Moskva</subfield><subfield code="b">Nauka</subfield><subfield code="c">1977</subfield></datafield><datafield ind1=" " ind2=" " tag="300"><subfield code="a">202P</subfield></datafield><datafield ind1="1" ind2=" " tag="700"><subfield code="a">Sariceva, L.I</subfield></datafield><datafield ind1=" " ind2=" " tag="852"><subfield code="a">46037</subfield><subfield code="c">523.164</subfield></datafield><datafield ind1=" " ind2=" " tag="CAT"><subfield code="a">Sys</subfield><subfield code="c">20141210</subfield><subfield code="h">175637</subfield></datafield></record></collection>